<record><leader>00987cam a2200265 a 4500</leader><controlfield tag="001">1395325</controlfield><controlfield tag="008">910816s1985    onc      bw       0 eng c</controlfield><datafield ind1=" " ind2=" " tag="035"><subfield code="a">ocm70350081</subfield></datafield><datafield ind1=" " ind2=" " tag="040"><subfield code="b">eng</subfield></datafield><datafield ind1=" " ind2=" " tag="043"><subfield code="a">e-uk-en</subfield><subfield code="a">e-ie---</subfield><subfield code="a">e-uk-st</subfield></datafield><datafield ind1=" " ind2=" " tag="049"><subfield code="a">AEU</subfield><subfield code="b">eng</subfield></datafield><datafield ind1=" " ind2="4" tag="055"><subfield code="a">KF3</subfield><subfield code="b">.Y67</subfield></datafield><datafield ind1="0" ind2=" " tag="090"><subfield code="a">KF 3 Y615 1985</subfield></datafield><datafield ind1="2" ind2=" " tag="110"><subfield code="a">York University (Toronto, Ont.).</subfield><subfield code="b">Law Library.</subfield></datafield><datafield ind1="1" ind2="0" tag="245"><subfield code="a">Law reports of England, Ireland and Scotland in York University Law Library.</subfield></datafield><datafield ind1=" " ind2=" " tag="260"><subfield code="a">North York [Ont.] :</subfield><subfield code="b">The Library,</subfield><subfield code="c">1985.</subfield></datafield><datafield ind1=" " ind2=" " tag="300"><subfield code="a">1 v. (loose-leaf) ;</subfield><subfield code="c">29 cm.</subfield></datafield><datafield ind1=" " ind2=" " tag="336"><subfield code="a">text</subfield><subfield code="b">txt</subfield><subfield code="2">rdacontent</subfield></datafield><datafield ind1=" " ind2=" " tag="337"><subfield code="a">unmediated</subfield><subfield code="b">n</subfield><subfield code="2">rdamedia</subfield></datafield><datafield ind1=" " ind2=" " tag="338"><subfield code="a">volume</subfield><subfield code="b">nc</subfield><subfield code="2">rdacarrier</subfield></datafield><datafield ind1=" " ind2=" " tag="596"><subfield code="a">38</subfield></datafield><datafield ind1=" " ind2="0" tag="650"><subfield code="a">Law reports, digests, etc.</subfield><subfield code="z">England</subfield><subfield code="v">Bibliography.</subfield></datafield><datafield ind1=" " ind2="0" tag="650"><subfield code="a">Law reports, digests, etc.</subfield><subfield code="z">Scotland</subfield><subfield code="v">Bibliography.</subfield></datafield><datafield ind1=" " ind2="0" tag="650"><subfield code="a">Law reports, digests, etc.</subfield><subfield code="z">Ireland</subfield><subfield code="v">Bibliography.</subfield></datafield><datafield ind1=" " ind2=" " tag="926"><subfield code="a">KF 3 Y615 1985</subfield><subfield code="w">LC</subfield><subfield code="c">1</subfield><subfield code="i">000037366093</subfield><subfield code="l">ON_SHELF</subfield><subfield code="m">UABARD</subfield><subfield code="p">$150.00</subfield><subfield code="r">Y</subfield><subfield code="s">Y</subfield><subfield code="t">BOOK</subfield><subfield code="u">8/19/1991</subfield><subfield code="o">.STAFF.  B0022772</subfield></datafield></record>